%  -------------- expertise and interest ---------------------------------
% weak MSR 2019 paper on categorical expertise levels
@inproceedings{montandon2019identifying,
  title={Identifying experts in software libraries and frameworks among GitHub users},
  author={Montandon, Joao Eduardo and Silva, Luciana Lourdes and Valente, Marco Tulio},
  booktitle={Proceedings of the 16th International Conference on Mining Software Repositories},
  pages={276--287},
  year={2019},
  organization={IEEE Press}
}

%% theory of expertise by Sebastian
@inproceedings{baltes2018towards,
  title={Towards a theory of software development expertise},
  author={Baltes, Sebastian and Diehl, Stephan},
  booktitle={Proceedings of the 2018 26th ACM Joint Meeting on European Software Engineering Conference and Symposium on the Foundations of Software Engineering},
  pages={187--200},
  year={2018},
  organization={ACM}
}

%% Abram expertise work
@inproceedings{badashian2016crowdsourced,
  title={Crowdsourced bug triaging: Leveraging q\&a platforms for bug assignment},
  author={Badashian, Ali Sajedi and Hindle, Abram and Stroulia, Eleni},
  booktitle={International Conference on Fundamental Approaches to Software Engineering},
  pages={231--248},
  year={2016},
  organization={Springer}
}


@inproceedings{le2015beyond,
  title={Beyond support and confidence: Exploring interestingness measures for rule-based specification mining},
  author={Le, Tien-Duy B and Lo, David},
  booktitle={2015 IEEE 22nd International Conference on Software Analysis, Evolution, and Reengineering (SANER)},
  pages={331--340},
  year={2015},
  organization={IEEE}
}

% good, and simple David Lo paper on "math based" interest sharing
@inproceedings{lee2017github,
  title={GitHub and Stack Overflow: Analyzing developer interests across multiple social collaborative platforms},
  author={Lee, Roy Ka-Wei and Lo, David},
  booktitle={International Conference on Social Informatics},
  pages={245--256},
  year={2017},
  organization={Springer}
}

% David Lo expertise paper
@inproceedings{tian2013predicting,
  title={Predicting best answerers for new questions: An approach leveraging topic modeling and collaborative voting},
  author={Tian, Yuan and Kochhar, Pavneet Singh and Lim, Ee-Peng and Zhu, Feida and Lo, David},
  booktitle={International Conference on Social Informatics},
  pages={55--68},
  year={2013},
  organization={Springer}
}

% ------------------ topic modeling -------------------------
% book chapter on LDA
@article{boyd2014care,    
  title={Care and feeding of topic models: Problems, diagnostics, and improvements},
  author={Boyd-Graber, Jordan and Mimno, David and Newman, David},
  journal={Handbook of mixed membership models and their applications},
  volume={225255},
  year={2014},
  publisher={CRC Press Boca Raton, FL}
}

% paper claiming perplexity has anti-correlation to human judgement
@inproceedings{chang2009reading,     
  title={Reading tea leaves: How humans interpret topic models},
  author={Chang, Jonathan and Gerrish, Sean and Wang, Chong and Boyd-Graber, Jordan L and Blei, David M},
  booktitle={Advances in neural information processing systems},
  pages={288--296},
  year={2009}
}

% Abram's book chapter on LDA
@incollection{campbell2015latent,
  title={Latent Dirichlet allocation: extracting topics from software engineering data},
  author={Campbell, Joshua Charles and Hindle, Abram and Stroulia, Eleni},
  booktitle={The art and science of analyzing software data},
  pages={139--159},
  year={2015},
  publisher={Elsevier}
}

% Abram's paper about LDA topics not always being interpretable
@inproceedings{hindle2012relating,
  title={Relating requirements to implementation via topic analysis: Do topics extracted from requirements make sense to managers and developers?},
  author={Hindle, Abram and Bird, Christian and Zimmermann, Thomas and Nagappan, Nachiappan},
  booktitle={2012 28th IEEE International Conference on Software Maintenance (ICSM)},
  pages={243--252},
  year={2012},
  organization={IEEE}
}

% LDA-GA - genetic algorithms for parameter selection for LDA
@inproceedings{panichella2013effectively,
  title={How to effectively use topic models for software engineering tasks? an approach based on genetic algorithms},
  author={Panichella, Annibale and Dit, Bogdan and Oliveto, Rocco and Di Penta, Massimiliano and Poshyvanyk, Denys and De Lucia, Andrea},
  booktitle={Proceedings of the 2013 International Conference on Software Engineering},
  pages={522--531},
  year={2013},
  organization={IEEE Press}
}
% LDA used in software eng.
@inproceedings{zahedi2018empirical,
  title={An empirical study of security issues posted in open source projects},
  author={Zahedi, Mansooreh and Ali Babar, Muhammad and Treude, Christoph},
  booktitle={Proceedings of the 51st Hawaii International Conference on System Sciences},
  year={2018}
}

% Chris's paper on good configurations for LDA
@inproceedings{treude2019predicting,
  title={Predicting good configurations for GitHub and stack overflow topic models},
  author={Treude, Christoph and Wagner, Markus},
  booktitle={Proceedings of the 16th International Conference on Mining Software Repositories},
  pages={84--95},
  year={2019},
  organization={IEEE Press}
}

% Original LDA paper
@article{blei2003latent,
  title={Latent dirichlet allocation},
  author={Blei, David M and Ng, Andrew Y and Jordan, Michael I},
  journal={Journal of machine Learning research},
  volume={3},
  number={Jan},
  pages={993--1022},
  year={2003}
}

% Lit review, technical report on LDA algorithm
@techreport{chen2011latent,
  title={Latent dirichlet allocation},
  author={Chen, Kuan-Yu Menphis and Wang, Yufei},
  year={2011},
  institution={Technical report, Department of Electrical and Computing engineering~â€¦}
}

% Topic Coherence original paper 1
@article{newman2010visualizing,
  title={Visualizing search results and document collections using topic maps},
  author={Newman, David and Baldwin, Timothy and Cavedon, Lawrence and Huang, Eric and Karimi, Sarvnaz and Martinez, David and Scholer, Falk and Zobel, Justin},
  journal={Web Semantics: Science, Services and Agents on the World Wide Web},
  volume={8},
  number={2-3},
  pages={169--175},
  year={2010},
  publisher={Elsevier}
}

% Topic Coherence original paper 2
@inproceedings{newman2010automatic,
  title={Automatic evaluation of topic coherence},
  author={Newman, David and Lau, Jey Han and Grieser, Karl and Baldwin, Timothy},
  booktitle={Human Language Technologies: The 2010 Annual Conference of the North American Chapter of the Association for Computational Linguistics},
  pages={100--108},
  year={2010},
  organization={Association for Computational Linguistics}
}

% Topic Coherence lit review
@inproceedings{mimno2011optimizing,
  title={Optimizing semantic coherence in topic models},
  author={Mimno, David and Wallach, Hanna M and Talley, Edmund and Leenders, Miriam and McCallum, Andrew},
  booktitle={Proceedings of the conference on empirical methods in natural language processing},
  pages={262--272},
  year={2011},
  organization={Association for Computational Linguistics}
}

% Abram's MSR 2019 work on LDA experiment setup
@inproceedings{bangash2019developers,
  title={What do developers know about machine learning: a study of ML discussions on StackOverflow},
  author={Bangash, Abdul Ali and Sahar, Hareem and Chowdhury, Shaiful and Wong, Alexander William and Hindle, Abram and Ali, Karim},
  booktitle={Proceedings of the 16th International Conference on Mining Software Repositories},
  pages={260--264},
  year={2019},
  organization={IEEE Press}
}

%  ---------------- SO and GH mining ---------------------------------
%% GHTorrent
@inproceedings{gousios2013ghtorent,
  title={The GHTorent dataset and tool suite},
  author={Gousios, Georgios},
  booktitle={Proceedings of the 10th working conference on mining software repositories},
  pages={233--236},
  year={2013},
  organization={IEEE Press}
}

@inproceedings{baltes2019sotorrent,
  title={Sotorrent: Studying the origin, evolution, and usage of stack overflow code snippets},
  author={Baltes, Sebastian and Treude, Christoph and Diehl, Stephan},
  booktitle={Proceedings of the 16th International Conference on Mining Software Repositories},
  pages={191--194},
  year={2019},
  organization={IEEE Press}
}

%% SOTOrrent
@inproceedings{baltes2018sotorrent,
  title={Sotorrent: Reconstructing and analyzing the evolution of stack overflow posts},
  author={Baltes, Sebastian and Dumani, Lorik and Treude, Christoph and Diehl, Stephan},
  booktitle={Proceedings of the 15th International Conference on Mining Software Repositories},
  pages={319--330},
  year={2018},
  organization={ACM}
}

%% Bogdan early SO mining paper
@inproceedings{vasilescu2014social,
  title={How social Q\&A sites are changing knowledge sharing in open source software communities},
  author={Vasilescu, Bogdan and Serebrenik, Alexander and Devanbu, Prem and Filkov, Vladimir},
  booktitle={Proceedings of the 17th ACM conference on Computer supported cooperative work \& social computing},
  pages={342--354},
  year={2014},
  organization={ACM}
}

% Abram early SO mining paper
@inproceedings{chowdhury2015mining,
  title={Mining StackOverflow to filter out off-topic IRC discussion},
  author={Chowdhury, Shaiful Alam and Hindle, Abram},
  booktitle={Proceedings of the 12th Working Conference on Mining Software Repositories},
  pages={422--425},
  year={2015},
  organization={IEEE Press}
}

% SO mining paper
@article{chen2019modeling,
  title={Modeling stack overflow tags and topics as a hierarchy of concepts},
  author={Chen, Hui and Coogle, John and Damevski, Kostadin},
  journal={Journal of Systems and Software},
  volume={156},
  pages={283--299},
  year={2019},
  publisher={Elsevier}
}

% SO and GH mining
@inproceedings{yang2017stack,
  title={Stack overflow in github: any snippets there?},
  author={Yang, Di and Martins, Pedro and Saini, Vaibhav and Lopes, Cristina},
  booktitle={2017 IEEE/ACM 14th International Conference on Mining Software Repositories (MSR)},
  pages={280--290},
  year={2017},
  organization={IEEE}
}

% related work on SO and GH
@inproceedings{badashian2014involvement,
  title={Involvement, contribution and influence in GitHub and stack overflow},
  author={Badashian, Ali Sajedi and Esteki, Afsaneh and Gholipour, Ameneh and Hindle, Abram and Stroulia, Eleni},
  booktitle={Proceedings of 24th Annual International Conference on Computer Science and Software Engineering},
  pages={19--33},
  year={2014},
  organization={IBM Corp.}
}

% SO related work
@inproceedings{chatterjee2019exploratory,
  title={Exploratory study of slack Q\&A chats as a mining source for software engineering tools},
  author={Chatterjee, Preetha and Damevski, Kostadin and Pollock, Lori and Augustine, Vinay and Kraft, Nicholas A},
  booktitle={Proceedings of the 16th International Conference on Mining Software Repositories},
  pages={490--501},
  year={2019},
  organization={IEEE Press}
}

% GH related work
@article{prana2019categorizing,
  title={Categorizing the content of GitHub README files},
  author={Prana, Gede Artha Azriadi and Treude, Christoph and Thung, Ferdian and Atapattu, Thushari and Lo, David},
  journal={Empirical Software Engineering},
  volume={24},
  number={3},
  pages={1296--1327},
  year={2019},
  publisher={Springer}
}

%% LDA applied to SO
@article{barua2014developers,
  title={What are developers talking about? an analysis of topics and trends in stack overflow},
  author={Barua, Anton and Thomas, Stephen W and Hassan, Ahmed E},
  journal={Empirical Software Engineering},
  volume={19},
  number={3},
  pages={619--654},
  year={2014},
  publisher={Springer}
}

@inproceedings{kalliamvakou2014promises,
  title={The promises and perils of mining GitHub},
  author={Kalliamvakou, Eirini and Gousios, Georgios and Blincoe, Kelly and Singer, Leif and German, Daniel M and Damian, Daniela},
  booktitle={Proceedings of the 11th working conference on mining software repositories},
  pages={92--101},
  year={2014},
  organization={ACM}
}

%LDAviz paper with Relevance param
@inproceedings{sievert2014ldavis,
  title={LDAvis: A method for visualizing and interpreting topics},
  author={Sievert, Carson and Shirley, Kenneth},
  booktitle={Proceedings of the workshop on interactive language learning, visualization, and interfaces},
  pages={63--70},
  year={2014}
}

%% Dataset linking SO and GH Torrent
@inproceedings{vasilescu2013stackoverflow,
  title={Stackoverflow and github: Associations between software development and crowdsourced knowledge},
  author={Vasilescu, Bogdan and Filkov, Vladimir and Serebrenik, Alexander},
  booktitle={2013 International Conference on Social Computing},
  pages={188--195},
  year={2013},
  organization={IEEE}
}

% SO_word2vec model
@inproceedings{efstathiou2018word,
  title={Word embeddings for the software engineering domain},
  author={Efstathiou, Vasiliki and Chatzilenas, Christos and Spinellis, Diomidis},
  booktitle={Proceedings of the 15th International Conference on Mining Software Repositories},
  pages={38--41},
  year={2018},
  organization={ACM}
}

% Exploring Github
@article{liao2019status,
  title={Status, identity, and language: A study of issue discussions in GitHub},
  author={Liao, Jingxian and Yang, Guowei and Kavaler, David and Filkov, Vladimir and Devanbu, Prem},
  journal={PloS one},
  volume={14},
  number={6},
  pages={e0215059},
  year={2019},
  publisher={Public Library of Science}
}

%% use of LDA on source code retrival
@inproceedings{arwan2015source,
  title={Source code retrieval on stackoverflow using lda},
  author={Arwan, Achmad and Rochimah, Siti and Akbar, Rizky Januar},
  booktitle={2015 3rd International Conference on Information and Communication Technology (ICoICT)},
  pages={295--299},
  year={2015},
  organization={IEEE}
}

%% Tim Menzies paper on what to avoid when using LDA
@article{agrawal2018wrong,
  title={What is wrong with topic modeling? And how to fix it using search-based software engineering},
  author={Agrawal, Amritanshu and Fu, Wei and Menzies, Tim},
  journal={Information and Software Technology},
  volume={98},
  pages={74--88},
  year={2018},
  publisher={Elsevier}
}

%% learning of hyper-parameters for LDA
@inproceedings{hoffman2010online,
  title={Online learning for latent dirichlet allocation},
  author={Hoffman, Matthew and Bach, Francis R and Blei, David M},
  booktitle={advances in neural information processing systems},
  pages={856--864},
  year={2010}
}

% LDA heuristics for choosing k:
@inproceedings{arun2010finding,
  title={On finding the natural number of topics with latent dirichlet allocation: Some observations},
  author={Arun, Rajkumar and Suresh, Venkatasubramaniyan and Madhavan, CE Veni and Murthy, MN Narasimha},
  booktitle={Pacific-Asia conference on knowledge discovery and data mining},
  pages={391--402},
  year={2010},
  organization={Springer}
}

@article{cao2009density,
  title={A density-based method for adaptive LDA model selection},
  author={Cao, Juan and Xia, Tian and Li, Jintao and Zhang, Yongdong and Tang, Sheng},
  journal={Neurocomputing},
  volume={72},
  number={7-9},
  pages={1775--1781},
  year={2009},
  publisher={Elsevier}
}

@article{deveaud2014accurate,
  title={Accurate and effective latent concept modeling for ad hoc information retrieval},
  author={Deveaud, Romain and SanJuan, Eric and Bellot, Patrice},
  journal={Document num{\'e}rique},
  volume={17},
  number={1},
  pages={61--84},
  year={2014},
  publisher={Lavoisier}
}

% LDA and Gibbs sampling in details
@article{griffiths2004finding,
  title={Finding scientific topics},
  author={Griffiths, Thomas L and Steyvers, Mark},
  journal={Proceedings of the National academy of Sciences},
  volume={101},
  number={suppl 1},
  pages={5228--5235},
  year={2004},
  publisher={National Acad Sciences}
}

%% LDA evaluation advice
@inproceedings{wallach2009rethinking,
  title={Rethinking LDA: Why priors matter},
  author={Wallach, Hanna M and Mimno, David M and McCallum, Andrew},
  booktitle={Advances in neural information processing systems},
  pages={1973--1981},
  year={2009}
}

%% paper quoted in Abram's LDA book chapter
@inproceedings{baldi2008theory,
  title={A theory of aspects as latent topics},
  author={Baldi, Pierre F and Lopes, Cristina V and Linstead, Erik J and Bajracharya, Sushil K},
  booktitle={ACM Sigplan Notices},
  volume={43},
  number={10},
  pages={543--562},
  year={2008},
  organization={ACM}
}

@inproceedings{zhao2015heuristic,
  title={A heuristic approach to determine an appropriate number of topics in topic modeling},
  author={Zhao, Weizhong and Chen, James J and Perkins, Roger and Liu, Zhichao and Ge, Weigong and Ding, Yijun and Zou, Wen},
  booktitle={BMC bioinformatics},
  volume={16},
  number={13},
  pages={S8},
  year={2015},
  organization={BioMed Central}
}

%% topic coherence paper
@inproceedings{roder2015exploring,
  title={Exploring the space of topic coherence measures},
  author={R{\"o}der, Michael and Both, Andreas and Hinneburg, Alexander},
  booktitle={Proceedings of the eighth ACM international conference on Web search and data mining},
  pages={399--408},
  year={2015},
  organization={ACM}
}

%% max or average pooling, or weighted word embedding aggregation
@article{de2016representation,
  title={Representation learning for very short texts using weighted word embedding aggregation},
  author={De Boom, Cedric and Van Canneyt, Steven and Demeester, Thomas and Dhoedt, Bart},
  journal={Pattern Recognition Letters},
  volume={80},
  pages={150--156},
  year={2016},
  publisher={Elsevier}
}

% word2vec paper
@article{mikolov2013efficient,
  title={Efficient estimation of word representations in vector space},
  author={Mikolov, Tomas and Chen, Kai and Corrado, Greg and Dean, Jeffrey},
  journal={arXiv preprint arXiv:1301.3781},
  year={2013}
}

% definition of Jaccard similarity
@misc{jaccard_wiki, 
    title={Jaccard index}, 
    url={https://en.wikipedia.org/wiki/Jaccard_index}, 
    journal={Wikipedia}, 
    publisher={Wikimedia Foundation}, 
    year={2019}, 
    month={Oct}
}

% R language
@article{team2013r,
  title={R: A language and environment for statistical computing},
  author={Team, R Core and others},
  year={2013},
  publisher={Vienna, Austria}
}

%% ggplot
@book{wickham2016ggplot2,
  title={ggplot2: elegant graphics for data analysis},
  author={Wickham, Hadley},
  year={2016},
  publisher={Springer}
}

%% colab
@incollection{bisong2019google,
  title={Google Colaboratory},
  author={Bisong, Ekaba},
  booktitle={Building Machine Learning and Deep Learning Models on Google Cloud Platform},
  pages={59--64},
  year={2019},
  publisher={Springer}
}

%% Bleu score paper
@inproceedings{papineni2002bleu,
  title={BLEU: a method for automatic evaluation of machine translation},
  author={Papineni, Kishore and Roukos, Salim and Ward, Todd and Zhu, Wei-Jing},
  booktitle={Proceedings of the 40th annual meeting on association for computational linguistics},
  pages={311--318},
  year={2002},
  organization={Association for Computational Linguistics}
}

@misc{cosSim_def, 
    title={Cosine Similarity}, url={https://deepai.org/machine-learning-glossary-and-terms/cosine-similarity}, journal={DeepAI}, 
    year={2019}, 
    month={May}
}

% ----- expertise related work ---------
@article{li2019distinguishes,
  title={What distinguishes great software engineers?},
  author={Li, Paul Luo and Ko, Amy J and Begel, Andrew},
  journal={Empirical Software Engineering},
  pages={1--31},
  year={2019},
  publisher={Springer}
}

@article{wang2018survey,
  title={A survey on expert recommendation in community question answering},
  author={Wang, Xianzhi and Huang, Chaoran and Yao, Lina and Benatallah, Boualem and Dong, Manqing},
  journal={Journal of Computer Science and Technology},
  volume={33},
  number={4},
  pages={625--653},
  year={2018},
  publisher={Springer}
}

% unpublished, low credibility paper
@article{tian2019geek,
  title={Geek Talents: Who are the Top Experts on GitHub and Stack Overflow?},
  author={Tian, Yijun and Ng, Waii and Cao, Jialiang and McIntosh, Suzanne},
  year={2019}
}

@inproceedings{teyton2013find,
  title={Find your library experts},
  author={Teyton, C{\'e}dric and Falleri, Jean-R{\'e}my and Morandat, Flor{\'e}al and Blanc, Xavier},
  booktitle={2013 20th Working Conference on Reverse Engineering (WCRE)},
  pages={202--211},
  year={2013},
  organization={IEEE}
}

@article{kagdi2012assigning,
  title={Assigning change requests to software developers},
  author={Kagdi, Huzefa and Gethers, Malcom and Poshyvanyk, Denys and Hammad, Maen},
  journal={Journal of software: Evolution and Process},
  volume={24},
  number={1},
  pages={3--33},
  year={2012},
  publisher={Wiley Online Library}
}


@article{hammad2013identifying,
  title={Identifying designers and their design knowledge},
  author={Hammad, Maen and Hammad, Mustafa and Bani-Salameh, Hani},
  journal={International Journal of Software Engineering and Its Applications},
  volume={7},
  number={6},
  pages={277--288},
  year={2013}
}

@inproceedings{liao2017devrank,
  title={DevRank: Mining influential developers in Github},
  author={Liao, Zhifang and Jin, Haozhi and Li, Yifan and Zhao, Benhong and Wu, Jinsong and Liu, Shengzong},
  booktitle={GLOBECOM 2017-2017 IEEE Global Communications Conference},
  pages={1--6},
  year={2017},
  organization={IEEE}
}

@inproceedings{alonso2008expertise,
  title={Expertise identification and visualization from CVS},
  author={Alonso, Omar and Devanbu, Premkumar T and Gertz, Michael},
  booktitle={Proceedings of the 2008 international working conference on Mining software repositories},
  pages={125--128},
  year={2008}
}

@inproceedings{hauff2015matching,
  title={Matching GitHub developer profiles to job advertisements},
  author={Hauff, Claudia and Gousios, Georgios},
  booktitle={2015 IEEE/ACM 12th Working Conference on Mining Software Repositories},
  pages={362--366},
  year={2015},
  organization={IEEE}
}

@inproceedings{yu2014reviewer,
  title={Reviewer recommender of pull-requests in github},
  author={Yu, Yue and Wang, Huaimin and Yin, Gang and Ling, Charles X},
  booktitle={2014 IEEE International Conference on Software Maintenance and Evolution},
  pages={609--612},
  year={2014},
  organization={IEEE}
}

@inproceedings{nguyen2012inferring,
  title={Inferring developer expertise through defect analysis},
  author={Nguyen, Tung Thanh and Nguyen, Tien N and Duesterwald, Evelyn and Klinger, Tim and Santhanam, Peter},
  booktitle={2012 34th International Conference on Software Engineering (ICSE)},
  pages={1297--1300},
  year={2012},
  organization={IEEE}
}

@inproceedings{surian2011recommending,
  title={Recommending people in developers' collaboration network},
  author={Surian, Didi and Liu, Nian and Lo, David and Tong, Hanghang and Lim, Ee-Peng and Faloutsos, Christos},
  booktitle={2011 18th Working Conference on Reverse Engineering},
  pages={379--388},
  year={2011},
  organization={IEEE}
}

@inproceedings{zhang2014recommending,
  title={Recommending relevant projects via user behaviour: an exploratory study on github},
  author={Zhang, Lingxiao and Zou, Yanzhen and Xie, Bing and Zhu, Zixiao},
  booktitle={Proceedings of the 1st International Workshop on Crowd-based Software Development Methods and Technologies},
  pages={25--30},
  year={2014}
}

@article{yu2016reviewer,
  title={Reviewer recommendation for pull-requests in github: What can we learn from code review and bug assignment?},
  author={Yu, Yue and Wang, Huaimin and Yin, Gang and Wang, Tao},
  journal={Information and Software Technology},
  volume={74},
  pages={204--218},
  year={2016},
  publisher={Elsevier}
}

@inproceedings{greene2016cvexplorer,
  title={Cvexplorer: Identifying candidate developers by mining and exploring their open source contributions},
  author={Greene, Gillian J and Fischer, Bernd},
  booktitle={Proceedings of the 31st IEEE/ACM International Conference on Automated Software Engineering},
  pages={804--809},
  year={2016}
}

@inproceedings{rahman2016correct,
  title={Correct: code reviewer recommendation in github based on cross-project and technology experience},
  author={Rahman, Mohammad Masudur and Roy, Chanchal K and Collins, Jason A},
  booktitle={Proceedings of the 38th International Conference on Software Engineering Companion},
  pages={222--231},
  year={2016}
}

@inproceedings{sindhgatta2008identifying,
  title={Identifying domain expertise of developers from source code},
  author={Sindhgatta, Renuka},
  booktitle={Proceedings of the 14th ACM SIGKDD international conference on Knowledge discovery and data mining},
  pages={981--989},
  year={2008}
}

